@article{juneja2013improved,
  title={An improved LSB based steganography technique for RGB color images},
  author={Juneja, Mamta and Sandhu, Parvinder S},
  journal={International journal of computer and communication engineering},
  volume={2},
  number={4},
  pages={513},
  year={2013},
  publisher={IACSIT Press}
}