@inproceedings{nasution2018image,
  title={Image steganography in securing sound file using arithmetic coding algorithm, triple data encryption standard (3DES) and modified least significant bit (MLSB)},
  author={Nasution, AB and Efendi, S and Suwilo, S},
  booktitle={Journal of Physics: Conference Series},
  volume={1007},
  number={1},
  pages={012010},
  year={2018},
  organization={IOP Publishing}
}

@article{soetarmono2012studi,
  title={Studi Mengenai Aplikasi Steganografi Camouflage},
  author={Soetarmono, Anggya ND},
  journal={Teknika},
  volume={1},
  number={1},
  pages={55--65},
  year={2012}
}

@article{kingsley2020improving,
  title={Improving Data Hiding Capacity in Code Based Steganography using Multiple Embedding.},
  author={Kingsley, Katandawa Alex and Barmawi, Ari Moesriami}
}

@article{pujianto2021uji,
  title={Uji Ketahanan Citra Digital Terhadap Manipulasi Robustness Pada Steganography},
  author={Pujianto, Ikwan},
  journal={Jurnal Informatika dan Rekayasa Perangkat Lunak},
  volume={2},
  number={1},
  pages={16--27},
  year={2021}
}

@article{susanto2020kombinasi,
  title={Kombinasi LSB-RSA untuk Peningkatan Imperceptibility pada Kripto-Stegano Gambar RGB},
  author={Susanto, Ajib and Mulyono, Ibnu Utomo Wahyu},
  year={2020}
}

@article{wiranata2021aplikasi,
  title={Aplikasi Steganografi Menggunakan Least Significant Bit (LSB) dengan Enkripsi Caesar Chipper dan Rivest Code 4 (RC4) Menggunakan Bahasa Pemrograman JAVA},
  author={Wiranata, Ade Davy and Aldisa, Rima Tamara},
  journal={Jurnal JTIK (Jurnal Teknologi Informasi dan Komunikasi)},
  volume={5},
  number={3},
  pages={277--281},
  year={2021}
}

@article{basri2021penerapan,
  title={Penerapan Steganografi Gambar Berwarna pada Delapan Image Cover Menggunakan Metode LSB},
  author={Basri, Muh and Gushari, Muhammad Fadhlil},
  journal={Jurnal Sintaks Logika},
  volume={1},
  number={3},
  pages={153--158},
  year={2021}
}

@article{abdillah2023implementasi,
  title={Implementasi Keamanan Aset Informasi Steganografi Menggunakan Metode Least Significant Bit (LSB)},
  author={Abdillah, Muhammad Oemar and Pane, Ogie Ariansah and Lubis, Farhan Rusdy Asyhary},
  journal={Jurnal Sains dan Teknologi (JSIT)},
  volume={3},
  number={1},
  pages={40--46},
  year={2023}
}

@article{andika2020modifikasi,
  title={Modifikasi Algoritma Gifshuffle Untuk Peningkatan Kualitas Citra Pada Steganografi},
  author={Andika, Dwi and Darwis, Dedi},
  journal={Jurnal Ilmiah Infrastruktur Teknologi Informasi},
  volume={1},
  number={2},
  pages={19--23},
  year={2020}
}

@article{juneja2013improved,
  title={An improved LSB based steganography technique for RGB color images},
  author={Juneja, Mamta and Sandhu, Parvinder S},
  journal={International journal of computer and communication engineering},
  volume={2},
  number={4},
  pages={513},
  year={2013},
  publisher={IACSIT Press}
}

@article{kingsley2020improving,
  title={Improving Data Hiding Capacity in Code Based Steganography using Multiple Embedding.},
  author={Kingsley, Katandawa Alex and Barmawi, Ari Moesriami},
  journal={J. Inf. Hiding Multim. Signal Process.},
  volume={11},
  number={1},
  pages={14--43},
  year={2020}
}
@article{siaulhak2023sistem,
  title={Sistem Pengiriman File Menggunakan Steganografi Pengolahan Citra Digital Berbasis Matriks Laboratory},
  author={Siaulhak, Siaulhak and Kasma, Safwan and others},
  journal={BANDWIDTH: Journal of Informatics and Computer Engineering},
  volume={1},
  number={2},
  pages={75--81},
  year={2023}
}

@article{fikri2022optimasi,
  title={Optimasi Teknik Steganografi Amelsbr Pada Empat Bit Terakhir Dengan Cover Image Berwarna},
  author={Fikri, Muhammad Alfin and Ferdinandus, FX},
  journal={Antivirus: Jurnal Ilmiah Teknik Informatika},
  volume={16},
  number={1},
  pages={25--38},
  year={2022}
}