% This file was created with JabRef 2.9.2.
% Encoding: Cp1252

@BOOK{01_journal,
  title = {Handbook of Biometrics},
  publisher = {Springer-Verlag New York, Inc.},
  year = {2007},
  author = {Jain, Anil K. and Flynn, Patrick and Ross, Arun A.},
  address = {Secaucus, NJ, USA},
  isbn = {038771040X},
  owner = {Pras-8GB},
  timestamp = {2014.04.07}
}

@ARTICLE{02_journal,
  author = {Kong, Adams and Zhang, David and Kamel, Mohamed},
  title = {A Survey of Palmprint Recognition},
  journal = {Pattern Recogn.},
  year = {2009},
  volume = {42},
  pages = {1408 --1418},
  number = {7},
  month = jul,
  acmid = {1518403},
  address = {New York, NY, USA},
  doi = {10.1016/j.patcog.2009.01.018},
  issn = {0031-3203},
  issue_date = {July, 2009},
  keywords = {Biometrics, Identical twins, Privacy, Security, Template protection},
  numpages = {11},
  owner = {Pras-8GB},
  publisher = {Elsevier Science Inc.},
  timestamp = {2014.04.07},
  url = {http://dx.doi.org/10.1016/j.patcog.2009.01.018}
}

@ARTICLE{05_journal,
  author = {Ong Michael, Goh Kah and Connie, Tee and Jin Teoh, Andrew Beng},
  title = {Review Article: Touch-less Palm Print Biometrics: Novel Design and
	Implementation},
  journal = {Image Vision Comput.},
  year = {2008},
  volume = {26},
  pages = {1551--1560},
  number = {12},
  month = dec,
  acmid = {1414252},
  address = {Newton, MA, USA},
  doi = {10.1016/j.imavis.2008.06.010},
  issn = {0262-8856},
  issue_date = {December, 2008},
  keywords = {Gradient operator, Local binary pattern (LBP), Palm print recognition,
	Probabilistic neural networks (PNN), Touch-less biometrics},
  numpages = {10},
  owner = {Pras-8GB},
  publisher = {Butterworth-Heinemann},
  timestamp = {2014.04.07},
  url = {http://dx.doi.org/10.1016/j.imavis.2008.06.010}
}

@ARTICLE{03_journal,
  author = {Wang, Jian-Gang and Yau, Wei-Yun and Suwandy, Andy and Sung, Eric},
  title = {Person Recognition by Fusing Palmprint and Palm Vein Images Based
	on "Laplacianpalm" Representation},
  journal = {Pattern Recogn.},
  year = {2008},
  volume = {41},
  pages = {1514--1527},
  number = {5},
  month = may,
  acmid = {1343142},
  address = {New York, NY, USA},
  doi = {10.1016/j.patcog.2007.10.021},
  issn = {0031-3203},
  issue_date = {May, 2008},
  keywords = {Eigenpalm, Fisherpalm, Image fusion, Laplacianpalm, Palm vein, Palmprint,
	Spoof attack},
  numpages = {14},
  owner = {Pras-8GB},
  publisher = {Elsevier Science Inc.},
  timestamp = {2014.04.07},
  url = {http://dx.doi.org/10.1016/j.patcog.2007.10.021}
}

@CONFERENCE{04_journal,
  author = {Y. Zhou and A. Kumar},
  title = {Contactless Palm Vein Identification Using Multiple Representations},
  booktitle = {2010 Fourth IEEE International Conference on Washington DC},
  year = {2010},
  series = {,},
  pages = {1-6},
  month = {September},
  publisher = {IEEE, Biometrics: Theory Applications and Systems (BTAS)},
  owner = {Pras-8GB},
  timestamp = {2014.03.19}
}

